@article{Sewell2010,
title={Ott: Effective tool support for the working semanticist},
volume={20},
DOI={10.1017/S0956796809990293},
number={1},
journal={Journal of Functional Programming},
publisher={Cambridge University Press},
author={Sewell, Peter and Zappa Nardelli, Francesco and Owens, Scott and Peskine, Gilles and Ridge, Thomas and Sarkar, Susmit and Strnisa, Rok},
year={2010},
pages={71--122}
}
