@article{doenges2021petr4,
  title={Petr4: formal foundations for p4 data planes},
  author={Doenges, Ryan and Arashloo, Mina Tahmasbi and Bautista, Santiago and Chang, Alexander and Ni, Newton and Parkinson, Samwise and Peterson, Rudy and Solko-Breslin, Alaia and Xu, Amanda and Foster, Nate},
  journal={Proceedings of the ACM on Programming Languages},
  volume={5},
  number={POPL},
  pages={1--32},
  year={2021},
  publisher={ACM New York, NY, USA}
}
